
@article{vitter87a,
	Author = {Vitter, Jeffrey S.},
	Journal = {{ACM} Trans. Math. Softw.},
	Keywords = {computer science and resampling},
	Month = {March},
	Number = {1},
	Pages = {58--67},
	Title = {An efficient algorithm for sequential random sampling},
	Volume = {13},
	Year = {1987},
	}

@article{vitter84a,
	Author = {Vitter, Jeffrey Scott},
	Journal = {Commun. {ACM}},
	Keywords = {statistics and computer science},
	Month = {July},
	Number = {7},
	Pages = {703--718},
	Title = {Faster methods for random sampling},
	Volume = {27},
	Year = {1984},
	}

@article{purcell07a,
	Author = {Purcell, Shaun M. and Neale, B and {Todd-Brown}, K and Thomas, L and Ferreira, MAR and Bender, D and Maller, J and Sklar, P and {de Bakker}, PIW and Daly, MJ and Sham, PC},
	Journal = {Am. J. Hum. Genet.},
	Keywords = {genomics},
	Pages = {559--575},
	Title = {{PLINK}: a toolset for whole-genome association and population-based linkage analysis},
	Volume = {81},
	Year = {2007}}

@article{matsumoto98a,
	Author = {Matsumoto, M and Nishimura, T},
	Journal = {{ACM} {TOMACS}},
	Keywords = {statistics and computer science},
	Number = {1},
	Pages = {3--30},
	Title = {Mersenne twister: a 623-dimensionally equidistributed uniform pseudo-random number generator},
	Volume = {8},
	Year = {1998}}

